[gd_scene load_steps=6 format=2]

[ext_resource path="res://base/menu/crafting/WandPanel.cs" type="Script" id=1]
[ext_resource path="res://base/menu/crafting/spell_slot.tscn" type="PackedScene" id=2]
[ext_resource path="res://base/menu/crafting/spell_slot_panel.tres" type="StyleBox" id=3]
[ext_resource path="res://base/menu/crafting/selectiontriangle.png" type="Texture" id=5]

[sub_resource type="StyleBoxFlat" id=1]
content_margin_left = 4.0
content_margin_right = 4.0
content_margin_top = 6.0
content_margin_bottom = 6.0
bg_color = Color( 0.14902, 0.14902, 0.14902, 0 )
border_width_left = 1
border_width_top = 1
border_width_right = 1
border_width_bottom = 1
border_color = Color( 1, 1, 1, 1 )
corner_radius_top_left = 2
corner_radius_top_right = 2
corner_radius_bottom_right = 2
corner_radius_bottom_left = 2

[node name="Wand" type="PanelContainer"]
margin_right = 46.0
margin_bottom = 46.0
size_flags_horizontal = 10
custom_styles/panel = SubResource( 1 )
script = ExtResource( 1 )
__meta__ = {
"_edit_use_anchors_": false
}

[node name="Indicator" type="Control" parent="."]
visible = false
margin_left = 4.0
margin_top = 6.0
margin_right = 42.0
margin_bottom = 44.0

[node name="TextureRect" type="TextureRect" parent="Indicator"]
margin_left = 5.0
margin_top = -2.0
margin_right = 45.0
margin_bottom = 18.0
rect_min_size = Vector2( 40, 20 )
rect_rotation = 90.0
texture = ExtResource( 5 )
expand = true
__meta__ = {
"_edit_use_anchors_": false
}

[node name="ShortenedLayout" type="HBoxContainer" parent="."]
margin_left = 4.0
margin_top = 6.0
margin_right = 42.0
margin_bottom = 44.0

[node name="Slot1" parent="ShortenedLayout" instance=ExtResource( 2 )]
margin_right = 38.0
margin_bottom = 38.0
custom_styles/panel = ExtResource( 3 )
SpellOnly = true

[node name="Layout" type="HBoxContainer" parent="."]
visible = false
margin_left = 4.0
margin_top = 4.0
margin_right = 336.0
margin_bottom = 42.0

[node name="Slot1" parent="Layout" instance=ExtResource( 2 )]
margin_right = 38.0
margin_bottom = 38.0
custom_styles/panel = ExtResource( 3 )
SpellOnly = true

[node name="Slot2" parent="Layout" instance=ExtResource( 2 )]
margin_left = 42.0
margin_right = 80.0
margin_bottom = 38.0
custom_styles/panel = ExtResource( 3 )
SpellOnly = true

[node name="Slot3" parent="Layout" instance=ExtResource( 2 )]
margin_left = 84.0
margin_right = 122.0
margin_bottom = 38.0
custom_styles/panel = ExtResource( 3 )
SpellOnly = true

[node name="Slot4" parent="Layout" instance=ExtResource( 2 )]
margin_left = 126.0
margin_right = 164.0
margin_bottom = 38.0
custom_styles/panel = ExtResource( 3 )
SpellOnly = true

[node name="Slot5" parent="Layout" instance=ExtResource( 2 )]
margin_left = 168.0
margin_right = 206.0
margin_bottom = 38.0
custom_styles/panel = ExtResource( 3 )
SpellOnly = true

[node name="Slot6" parent="Layout" instance=ExtResource( 2 )]
margin_left = 210.0
margin_right = 248.0
margin_bottom = 38.0
custom_styles/panel = ExtResource( 3 )
SpellOnly = true

[node name="Slot7" parent="Layout" instance=ExtResource( 2 )]
margin_left = 252.0
margin_right = 290.0
margin_bottom = 38.0
custom_styles/panel = ExtResource( 3 )
SpellOnly = true

[node name="Slot8" parent="Layout" instance=ExtResource( 2 )]
margin_left = 294.0
margin_right = 332.0
margin_bottom = 38.0
custom_styles/panel = ExtResource( 3 )
SpellOnly = true
