[gd_scene load_steps=13 format=2]

[ext_resource path="res://base/particles/ParticleIcons/star_06.png" type="Texture" id=1]
[ext_resource path="res://base/particles/ParticleIcons/fire_01.png" type="Texture" id=2]
[ext_resource path="res://base/particles/ParticleIcons/slash_01.png" type="Texture" id=3]
[ext_resource path="res://base/particles/ParticleIcons/light_03.png" type="Texture" id=4]


[sub_resource type="Gradient" id=1]
offsets = PoolRealArray( 0, 0.867742, 1 )
colors = PoolColorArray( 1, 1, 1, 1, 0.435484, 0.435484, 0.435484, 1, 0, 0, 0, 1 )

[sub_resource type="GradientTexture" id=2]
gradient = SubResource( 1 )

[sub_resource type="Curve" id=3]
_data = [ Vector2( 0, 1 ), 0.0, 0.0, 0, 0, Vector2( 1, 1 ), 0.0, 0.0, 0, 0 ]

[sub_resource type="CurveTexture" id=4]
curve = SubResource( 3 )

[sub_resource type="ParticlesMaterial" id=5]
lifetime_randomness = 0.16
trail_size_modifier = SubResource( 4 )
flag_disable_z = true
spread = 20.0
gravity = Vector3( 0, 0, 0 )
initial_velocity = 500.0
initial_velocity_random = 0.5
orbit_velocity = -0.1
orbit_velocity_random = 0.45
scale = 0.2
color = Color( 1, 1, 1, 0.631373 )
color_ramp = SubResource( 2 )
hue_variation = 0.16
hue_variation_random = 0.25

[sub_resource type="ParticlesMaterial" id=6]
emission_shape = 5
emission_ring_radius = 5.0
emission_ring_inner_radius = 0.0
emission_ring_height = 1.0
emission_ring_axis = Vector3( 0, 0, 1 )
flag_disable_z = true
spread = 30.0
initial_velocity = 487.01
orbit_velocity = 0.0
orbit_velocity_random = 0.0
scale = 0.1
hue_variation = -0.16

[sub_resource type="ParticlesMaterial" id=7]
emission_shape = 5
emission_ring_radius = 5.0
emission_ring_inner_radius = 3.0
emission_ring_height = 1.0
emission_ring_axis = Vector3( 0, 0, 1 )
flag_disable_z = true
direction = Vector3( -1, 0, 0 )
gravity = Vector3( 0, 0, 0 )
initial_velocity = -50.0
angular_velocity = 9.35
angular_velocity_random = 0.04
orbit_velocity = 0.0
orbit_velocity_random = 0.0
angle = 90.0
angle_random = 1.0
scale = 0.7
scale_random = 0.05
color = Color( 1, 1, 1, 0.0941176 )

[sub_resource type="ParticlesMaterial" id=8]
emission_shape = 5
emission_ring_radius = 8.0
emission_ring_inner_radius = 7.0
emission_ring_height = 1.0
emission_ring_axis = Vector3( 0, 0, 1 )
flag_disable_z = true
gravity = Vector3( 0, 0, 0 )
angular_velocity = 430.13
angular_velocity_random = 0.08
orbit_velocity = 0.0
orbit_velocity_random = 0.0
scale = 0.25
color = Color( 0.188235, 0.72549, 1, 0.152941 )
hue_variation = -0.08
hue_variation_random = 1.0

[node name="Node2D" type="Node2D"]

[node name="Particles2D" type="Particles2D" parent="."]
visible = false
amount = 50
speed_scale = 1.79
explosiveness = 0.12
process_material = SubResource( 5 )
texture = ExtResource( 2 )

[node name="Particles2D2" type="Particles2D" parent="."]
amount = 10
speed_scale = 2.96
process_material = SubResource( 6 )
texture = ExtResource( 1 )

[node name="Particles2D3" type="Particles2D" parent="."]
rotation = 2.0944
amount = 10
lifetime = 0.25
process_material = SubResource( 7 )
texture = ExtResource( 3 )

[node name="Particles2D4" type="Particles2D" parent="."]
amount = 25
process_material = SubResource( 8 )
texture = ExtResource( 4 )
