[gd_scene load_steps=16 format=2]

[ext_resource path="res://base/entity/enemy/SpriteFlip.cs" type="Script" id=1]
[ext_resource path="res://content/enemies/mushroom/mushroom.png" type="Texture" id=2]
[ext_resource path="res://content/enemies/mushroom/Mushroom.cs" type="Script" id=3]
[ext_resource path="res://content/enemies/mushroom/Mushroom_Emit_Spores.wav" type="AudioStream" id=4]
[ext_resource path="res://base/entity/enemy/DamageBox.cs" type="Script" id=5]
[ext_resource path="res://base/entity/enemy/PlayerFinder.cs" type="Script" id=6]
[ext_resource path="res://content/enemies/mushroom/Mushroom_Gather_Spores.wav" type="AudioStream" id=7]
[ext_resource path="res://base/entity/status/StatusArea.cs" type="Script" id=8]

[sub_resource type="Animation" id=1]
length = 0.001
tracks/0/type = "value"
tracks/0/path = NodePath("Sprite:frame")
tracks/0/interp = 1
tracks/0/loop_wrap = true
tracks/0/imported = false
tracks/0/enabled = true
tracks/0/keys = {
"times": PoolRealArray( 0 ),
"transitions": PoolRealArray( 1 ),
"update": 0,
"values": [ 0 ]
}

[sub_resource type="Animation" id=8]
resource_name = "spores"
length = 0.7
tracks/0/type = "value"
tracks/0/path = NodePath("Sprite:frame")
tracks/0/interp = 1
tracks/0/loop_wrap = true
tracks/0/imported = false
tracks/0/enabled = true
tracks/0/keys = {
"times": PoolRealArray( 0, 0.2, 0.4, 0.5, 0.6 ),
"transitions": PoolRealArray( 1, 1, 1, 1, 1 ),
"update": 1,
"values": [ 5, 6, 7, 8, 9 ]
}

[sub_resource type="Animation" id=9]
resource_name = "walk"
length = 0.8
loop = true
step = 0.2
tracks/0/type = "value"
tracks/0/path = NodePath("Sprite:frame")
tracks/0/interp = 1
tracks/0/loop_wrap = true
tracks/0/imported = false
tracks/0/enabled = true
tracks/0/keys = {
"times": PoolRealArray( 0, 0.2, 0.4, 0.6 ),
"transitions": PoolRealArray( 1, 1, 1, 1 ),
"update": 1,
"values": [ 0, 1, 2, 3 ]
}

[sub_resource type="RectangleShape2D" id=4]
extents = Vector2( 27.5, 31.5 )

[sub_resource type="RectangleShape2D" id=5]
extents = Vector2( 29.5, 34.5 )

[sub_resource type="CircleShape2D" id=6]
radius = 578.042

[sub_resource type="RectangleShape2D" id=7]
extents = Vector2( 27, 30.5 )

[node name="KinematicBody2D" type="KinematicBody2D"]
collision_layer = 2
script = ExtResource( 3 )

[node name="Sprite" type="Sprite" parent="."]
position = Vector2( 0, -39 )
scale = Vector2( 0.5, 0.5 )
texture = ExtResource( 2 )
hframes = 5
vframes = 3
script = ExtResource( 1 )

[node name="AnimationPlayer" type="AnimationPlayer" parent="."]
anims/RESET = SubResource( 1 )
anims/spores = SubResource( 8 )
anims/walk = SubResource( 9 )

[node name="HitBox" type="Area2D" parent="."]
script = ExtResource( 8 )
_maxHealth = 45.0

[node name="CollisionShape2D" type="CollisionShape2D" parent="HitBox"]
position = Vector2( -0.5, -31.5 )
shape = SubResource( 4 )

[node name="DamageBox" type="Area2D" parent="."]
script = ExtResource( 5 )
damage = 5

[node name="CollisionShape2D" type="CollisionShape2D" parent="DamageBox"]
position = Vector2( -0.5, -32.5 )
shape = SubResource( 5 )

[node name="AggroArea" type="Area2D" parent="."]
script = ExtResource( 6 )

[node name="CollisionShape2D" type="CollisionShape2D" parent="AggroArea"]
shape = SubResource( 6 )

[node name="CollisionShape2D" type="CollisionShape2D" parent="."]
position = Vector2( 0, -30.5 )
shape = SubResource( 7 )

[node name="leftRay" type="RayCast2D" parent="."]
position = Vector2( -34, -1 )
enabled = true
cast_to = Vector2( 0, 60 )

[node name="rightRay" type="RayCast2D" parent="."]
position = Vector2( 34, -1 )
enabled = true
cast_to = Vector2( 0, 60 )

[node name="gather_spores" type="AudioStreamPlayer" parent="."]
stream = ExtResource( 7 )

[node name="emit_spores" type="AudioStreamPlayer" parent="."]
stream = ExtResource( 4 )
