[gd_scene load_steps=11 format=2]

[ext_resource path="res://content/enemies/basicEnemyV2/LavaEnemy.png" type="Texture" id=1]
[ext_resource path="res://content/enemies/basicEnemyV2/basicEnemyV2.cs" type="Script" id=2]
[ext_resource path="res://base/entity/enemy/PlayerFinder.cs" type="Script" id=3]
[ext_resource path="res://base/entity/enemy/DamageBox.cs" type="Script" id=4]
[ext_resource path="res://base/entity/status/StatusArea.cs" type="Script" id=5]
[ext_resource path="res://base/entity/enemy/SpriteFlip.cs" type="Script" id=6]

[sub_resource type="RectangleShape2D" id=1]
extents = Vector2( 32, 32 )

[sub_resource type="CircleShape2D" id=2]
radius = 500.0

[sub_resource type="RectangleShape2D" id=5]
extents = Vector2( 36, 36 )

[sub_resource type="RectangleShape2D" id=4]
extents = Vector2( 33, 33 )

[node name="KinematicBody2D" type="KinematicBody2D"]
script = ExtResource( 2 )

[node name="Sprite" type="Sprite" parent="."]
position = Vector2( 0, -32 )
scale = Vector2( 0.5, 0.5 )
texture = ExtResource( 1 )
script = ExtResource( 6 )

[node name="CollisionShape2D" type="CollisionShape2D" parent="."]
position = Vector2( 0, -32 )
shape = SubResource( 1 )

[node name="AggroRange" type="Area2D" parent="."]
position = Vector2( 0, -32 )
script = ExtResource( 3 )

[node name="AggroArea" type="CollisionShape2D" parent="AggroRange"]
shape = SubResource( 2 )

[node name="DamageBoxBasicEnemyV2" type="Area2D" parent="."]
position = Vector2( 0, -32 )
script = ExtResource( 4 )
damage = 15

[node name="DamageArea" type="CollisionShape2D" parent="DamageBoxBasicEnemyV2"]
shape = SubResource( 5 )

[node name="HitBox" type="Area2D" parent="."]
position = Vector2( 0, -32 )
script = ExtResource( 5 )
_maxHealth = 30.0

[node name="HitBoxArea" type="CollisionShape2D" parent="HitBox"]
shape = SubResource( 4 )

[node name="leftRay" type="RayCast2D" parent="."]
position = Vector2( -75, -32 )
enabled = true
cast_to = Vector2( 0, 60 )

[node name="rightRay" type="RayCast2D" parent="."]
position = Vector2( 75, -32 )
enabled = true
cast_to = Vector2( 0, 60 )
