[gd_scene load_steps=6 format=2]

[ext_resource path="res://content/biomes/firepits/LavaBackground3.png" type="Texture" id=1]
[ext_resource path="res://content/biomes/firepits/LavaBackground4.png" type="Texture" id=2]
[ext_resource path="res://content/biomes/firepits/LavaBackground2.png" type="Texture" id=3]
[ext_resource path="res://content/biomes/firepits/LavaBackground1.png" type="Texture" id=4]
[ext_resource path="res://content/biomes/firepits/LavaBackground5.png" type="Texture" id=5]

[node name="ParallaxBackground" type="ParallaxBackground"]
scroll_limit_begin = Vector2( -2581, -1080 )
scroll_limit_end = Vector2( 2581, 1080 )
scroll_ignore_camera_zoom = true

[node name="ParallaxLayer" type="ParallaxLayer" parent="."]
motion_scale = Vector2( 0, 0 )

[node name="Sprite" type="Sprite" parent="ParallaxLayer"]
scale = Vector2( 0.5, 0.5 )
texture = ExtResource( 5 )

[node name="ParallaxLayer2" type="ParallaxLayer" parent="."]
motion_scale = Vector2( 0.05, 0 )

[node name="Sprite" type="Sprite" parent="ParallaxLayer2"]
scale = Vector2( 0.5, 0.5 )
texture = ExtResource( 2 )

[node name="ParallaxLayer3" type="ParallaxLayer" parent="."]
motion_scale = Vector2( 0.1, 0 )

[node name="Sprite" type="Sprite" parent="ParallaxLayer3"]
scale = Vector2( 0.5, 0.5 )
texture = ExtResource( 1 )

[node name="ParallaxLayer4" type="ParallaxLayer" parent="."]
motion_scale = Vector2( 0.12, 0 )

[node name="Sprite" type="Sprite" parent="ParallaxLayer4"]
scale = Vector2( 0.5, 0.5 )
texture = ExtResource( 3 )

[node name="ParallaxLayer5" type="ParallaxLayer" parent="."]
motion_scale = Vector2( 0.15, 0 )

[node name="Sprite" type="Sprite" parent="ParallaxLayer5"]
scale = Vector2( 0.5, 0.5 )
texture = ExtResource( 4 )
