[gd_scene load_steps=6 format=2]

[ext_resource path="res://base/menu/title_font.tres" type="DynamicFont" id=1]
[ext_resource path="res://base/menu/button_font.tres" type="DynamicFont" id=2]
[ext_resource path="res://base/menu/body_font.tres" type="DynamicFont" id=3]
[ext_resource path="res://base/menu/death/DeathMenu.cs" type="Script" id=4]
[ext_resource path="res://base/menu/uitheme.tres" type="Theme" id=5]

[node name="Control" type="Control"]
anchor_right = 1.0
anchor_bottom = 1.0
mouse_filter = 2
script = ExtResource( 4 )
__meta__ = {
"_edit_use_anchors_": false
}

[node name="Layout" type="VBoxContainer" parent="."]
anchor_left = 0.5
anchor_top = 0.5
anchor_right = 0.5
anchor_bottom = 0.5
margin_left = -75.5
margin_top = -78.0
margin_right = 75.5
margin_bottom = 78.0
custom_constants/separation = 8
__meta__ = {
"_edit_use_anchors_": false
}

[node name="Label" type="Label" parent="Layout"]
margin_right = 151.0
margin_bottom = 29.0
custom_fonts/font = ExtResource( 1 )
text = "You Are Dead"

[node name="Label2" type="Label" parent="Layout"]
margin_top = 37.0
margin_right = 151.0
margin_bottom = 60.0
custom_fonts/font = ExtResource( 3 )
text = "But not for long..."

[node name="RestartButton" type="Button" parent="Layout"]
margin_top = 68.0
margin_right = 151.0
margin_bottom = 108.0
theme = ExtResource( 5 )
custom_fonts/font = ExtResource( 2 )
text = "Restart"

[node name="ExitButton" type="Button" parent="Layout"]
margin_top = 116.0
margin_right = 151.0
margin_bottom = 156.0
theme = ExtResource( 5 )
custom_fonts/font = ExtResource( 2 )
text = "Exit"
